%=========================================================================
%   Environment     :   Ubuntu 18.04.5 LTS ~ Bionic Beaver
%                       Gnome 3.28.2
%                       TeX Live 2017/Debian
%   Platform        :   x86_64-pc-linux-gnu (64bit)
%   Author          :   Bylli Andre GUEL
%   File            :   biblio.bib
%   Description     :   Bibliography file for “Stackelberg Control Article”
%   ~/Documents/research/productions/control-of-stackelberg/
%   Created         :   2021-01-04 ~ 16:42
%   Version         :   v21.01.1
%   Last revision   :   ...
%=========================================================================

%@book{allaire,
%    Author={Allaire, Gregoire},
%    Title={Introduction à l'analyse numérique et à l'optimisation},
%    Year={2005},
%    Publisher={Les Éditions de l'École Polytechnique},
%    Location={Paris},
%    Pagetotal={471}
%}

%@book{brezis,
%    Author={Brezis, Haïm},
%    Title={Analyse fonctionnelle~--~Théorie et applications},
%    Year={1983},
%    Publisher={Masson},
%    Location={Paris},
%    Series={Mathématiques appliquées pour la maîtrise},
%    Pagetotal={246}
%}

%@article{hollard,
%    Author={Hollard, Michel},
%    doi={10.3406/cep.2000.1290},
%    Number={37},
%    Pages={127-139},
%    Title={La théorie de Stackelberg: équilibre et politique économique},
%    Journal={Cahiers d'économie politique},
%    note={Qu'a-t-on appris sur la concurrence imparfaite depuis
%        Cournot?},
%    url={https://www.persee.fr/},
%    Year={2000}
%}

@article{barry1,
    Author={Barry, Moussa and Nakoulima, Ousseynou and Ndiaye, Gabriel
        Birame},
    Title={Cauchy System for Parabolic Operator},
    Year={2013},
    Journal={International Journal of Evolution Equations},
    Volume={8},
    Number={4},
    Pages={277-290}
}

@article{barry2,
    Author={Barry, Moussa and Ndiaye, Gabriel Birame},
    Title={Cauchy system for an hyperbolic operator},
    Year={2014},
    Journal={Journal of Nonlinear Equations and Applications},
    Volume={2014},
    Number={4},
    Pages={37-52}
}

%@article{fall,
%    Author={Fall, P.M. and Nakoulima, Ousseynou and Sène, A.},
%    Title={On a non-classical boundary values problem for the heat
%        equations},
%    Year={2014},
%    Journal={African Diaspora Journal of Mathematics (ADJM)},
%    Volume={16},
%    Number={2},
%    Pages={59-71}
%}

@article{nak1,
    Author={Nakoulima, Ousseynou},
    Title={Contrôle de systèmes mal posés de type elliptique},
    Year={1994},
    Journal={J. Math. Pures et Appl.},
    %Volume={},
    Number={73},
    Pages={441-453}
}

@article{nak2,
    Author={Nakoulima, Ousseynou and Mophou, Gisèle M.},
    Title={Control of Cauchy System for an Elliptic Operator},
    Year={2009},
    Journal={Acta Mathematica Sinica (English Series)},
    Volume={25},
    Number={11},
    Pages={1819-1834}
}

%@article{nak3,
%    Author={Nakoulima, Ousseynou and Omrane, Abdennebi and Velin, Jean},
%    Title={Perturbations à moindres regrets dans les systèmes distribués à
%        données manquantes},
%    Year={2000},
%    Journal={Comptes-Rendus de l'Académie des Sciences de Paris},
%    Volume={t. 330, Série I},
%    Pages={801-806}
%}

%@article{lions3,
%    Author={Lions, Jacques-Louis},
%    Title={Contrôle à moindres regrets des systèmes distribués},
%    Year={1992},
%    Journal={Comptes-Rendus de l'Académie des Sciences de Paris},
%    Volume={t. 315, Série I},
%    Pages={1253-1257}
%}
%
%@article{lions4,
%    Author={Lions, Jacques-Louis},
%    Title={Contrôle de Pareto de systèmes distribués. Le cas d'évolution},
%    Year={1986},
%    Journal={Comptes-Rendus de l'Académie des Sciences de Paris},
%    Volume={t.302, Série I},
%    Number={11},
%    Pages={413-417},
%}
%
%@article{lions5,
%    Author={Lions, Jacques-Louis},
%    Title={Contrôle de Pareto de systèmes distribués. Le cas stationnaire},
%    Year={1986},
%    Journal={Comptes-Rendus de l'Académie des Sciences de Paris},
%    Volume={t.302, Série I},
%    Number={6},
%    Pages={223-227},
%}

@article{omrane,
    Author={Berhail, A. and Omrane, A.},
    Title={Optimal Control of the Ill-Posed Cauchy Elliptic Problem},
    Year={2015},
    Journal={International Journal of Differential Equations, Hindawi
        Publishing Corporation},
    Note={pp.468918. 10.1155/2015/468918. hal-01891254}
}

%@phdthesis{dorville,
%    Author={Dorville, René},
%    Title={Sur le contrôle de quelques problèmes singuliers associés à
%        l'équation de la chaleur},
%    School={Université des Antilles et de la Guyanne},
%    Year={2004},
%    Type={Thèse présentée en vue d'obtenir le titre de “Docteur de
%        l'Université des Antilles et de la Guyanne”, Spécialité:
%            Mathématiques}
%}

%@book{smoller,
%    Author={Smoller, Joel},
%    Title={Shock waves and reaction-diffusion equations, Secund Edition},
%    Year={1983},
%    Publisher={Springer-Verlag Berlin Heidelberg GmbH},
%    Location={New York},
%    series={Grundlehren der mathematischen Wissenschaften 258},
%    Pagetotal={659}
%}

%@book{stackelberg,
%    Author={Stackelberg, Heinreich Von},
%    Title={Market Structure and Equilibrium},
%    Year={2011},
%    Publisher={Springer-Verlag Berlin Heidelberg},
%    Location={London, New York},
%    Pagetotal={149}
%}

%@book{lions-dautray,
%    Author={Dautray, Robert AND Lions, Jacques-Louis},
%    Title={Mathematical Analysis and Numerical Methods for Science and
%        Technology, Vol. 5, Evolution Problems I},
%    Year={2000},
%    Publisher={Springer-Verlag Berlin Heidelberg GmbH},
%    Location={New York},
%    Pagetotal={754}
%}

@book{lions1,
    Author={Lions, Jacques-Louis},
    Title={Contrôle optimal de systèmes gouvernés par des équations aux
        dérivées partielles},
    Year={1968},
    Publisher={Dunod},
    Location={Paris},
    Series={Études Mathématiques},
    Pagetotal={426}
}

@book{lions2,
    Author={Lions, Jacques-Louis},
    Title={Contrôle de systèmes distribués singuliers},
    Year={1983},
    Publisher={Bordas},
    Location={Paris},
    Series={Méthodes Mathématiques de l'Informatique},
    Pagetotal={448}
}


%@book{lions-magenes,
%    Author={Lions, Jacques-Louis AND Magenes, Enrico},
%    Title={Problèmes aux limites non homogènes et applications, vol. 1},
%    Year={1968},
%    Publisher={Dunod},
%    Location={Paris},
%    Series={Travaux et Recherches Mathématiques},
%    Pagetotal={397}
%}

@book{kernevez,
    Author={Kernevez, Jean-Pierre},
    Title={Enzyme Mathematics},
    Year={1980},
    Publisher={North-Holland Publishing Company},
    Location={Amsterdam~--~New-York~--~Oxford},
    Series={Studies in Mathematics and its Applications, Vol.10},
    Pagetotal={277}
}

%@book{lions-perturbations-singulieres,
%    Author={Lions, Jacques-Louis},
%    Title={Perturbations Singulières dans les Problèmes aux Limites et en
%        Contrôle Optimal},
%    Year={1973},
%    Publisher={Springer-Verlag Berlin Heidelberg GmbH},
%    Location={New-York},
%    Series={Lecture Notes in Mathematics},
%    Pagetotal={656}
%}

%@book{lions-controlabilite-exacte,
%    Author={Lions, Jacques-Louis},
%    Title={Contrôlabilité exacte, Perturbations et stabilisation de
%        systèmes distribués},
%    Subtitle={Tome 1 Contrôlabilité exacte},
%    Year={1988},
%    Publisher={Masson},
%    Location={Paris},
%    Series={Recherches en Mathématiques Appliquées},
%    Pagetotal={552}
%}

@article{ownElliptic,
    Title={The ill-posed Cauchy problem by Controllability the elliptic
        case},
    Journal={Results in Control and Optimization},
    Volume={10},
    Pages={100191},
    Year={2023},
    issn={2666-7207},
    doi={https://doi.org/10.1016/j.rico.2022.100191},
    author={Bylli André Guel and Ousseynou Nakoulima}
}

@article{ownPreprint,
    Title={Control of the Cauchy System for an Elliptic Operator},
    Author={Guel, Bylli André},
    Journal={SSRN},
    Year={2023},
    doi={https://dx.doi.org/10.2139/ssrn.4483188}
}
